@article{R2QCD,
   title={Feynman rules for the rational part of the QCD 1-loop amplitudes},
   volume={2009},
   ISSN={1029-8479},
   url={http://dx.doi.org/10.1088/1126-6708/2009/04/072},
   DOI={10.1088/1126-6708/2009/04/072},
   number={04},
   journal={Journal of High Energy Physics},
   publisher={Springer Nature},
   author={Draggiotis, P and Garzelli, M.V and Papadopoulos, C.G and Pittau, R},
   year={2009},
   month={Apr},
   pages={072–072}
}

@article{R2QED,
   title={On the rational terms of the one-loop amplitudes},
   volume={2008},
   ISSN={1029-8479},
   url={http://dx.doi.org/10.1088/1126-6708/2008/05/004},
   DOI={10.1088/1126-6708/2008/05/004},
   number={05},
   journal={Journal of High Energy Physics},
   publisher={Springer Nature},
   author={Ossola, Giovanni and Papadopoulos, Costas G and Pittau, Roberto},
   year={2008},
   month={May},
   pages={004–004}
}

@article{FeynCalc,
author = {Mertig, Rolf and Böhm, M. and Denner, A.},
year = {1991},
month = {06},
pages = {345-359},
title = {Feyn Calc - Computer-algebraic calculation of Feynman amplitudes},
volume = {64},
journal = {Computer Physics Communications},
doi = {10.1016/0010-4655(91)90130-D}
}

@article{FeynCalc2,
      author         = "Shtabovenko, Vladyslav and Mertig, Rolf and Orellana,
                        Frederik",
      title          = "{New Developments in FeynCalc 9.0}",
      journal        = "Comput. Phys. Commun.",
      volume         = "207",
      year           = "2016",
      pages          = "432-444",
      doi            = "10.1016/j.cpc.2016.06.008",
      eprint         = "1601.01167",
      archivePrefix  = "arXiv",
      primaryClass   = "hep-ph",
      reportNumber   = "TUM-EFT-71-15",
      SLACcitation   = "%%CITATION = ARXIV:1601.01167;%%"
}

@article{Gamma5,
      author         = "Schubert, Christian",
      title          = "{On the {$\gamma_5$}--problem of dimensional renormalization}",
      year           = "1993",
      reportNumber   = "HD-THEP-93-46",
      SLACcitation   = "%%CITATION = HD-THEP-93-46;%%"
}

@article{HVgamma5,
      author         = "'t Hooft, Gerard and Veltman, M. J. G.",
      title          = "{Regularization and Renormalization of Gauge Fields}",
      journal        = "Nucl. Phys.",
      volume         = "B44",
      year           = "1972",
      pages          = "189-213",
      doi            = "10.1016/0550-3213(72)90279-9",
      SLACcitation   = "%%CITATION = NUPHA,B44,189;%%"
}

